@book{taylor-1997,
	author = {Taylor, John Robert},
	month = {1},
	publisher = {Univ Science Books},
	title = {{An introduction to error analysis}},
	year = {1997},
}
@book{rubinstein-2003,
	author = {Rubinstein, Michael and Colby, Ralph H.},
	month = {1},
	title = {{Polymer Physics}},
	year = {2003},
}